@article{knuth1984,
  title={Literate Programming},
  author={Donald E. Knuth},
  journaltitle={The Computer Journal},
  volume={27},
  number={2},
  pages={97--111},
  year={1984},
  publisher={Oxford University Press}
}

@book{knuth1986,
  author = {Donald E. Knuth},
  year = {1986},
  title = {The \TeX{} Book},
  publisher = {Addison-Wesley Professional},
  location={Boston}
}

@book{liu2013,
  title={\LaTeX{} 入门},
  author={刘海洋},
  publisher={电子工业出版社},
  location={北京},
  year={2013}
}
